@article{DBLP:journals/corr/FischerDIHHGSCB15,
  author    = {Philipp Fischer and
               Alexey Dosovitskiy and
               Eddy Ilg and
               Philip H{\"{a}}usser and
               Caner Hazirbas and
               Vladimir Golkov and
               Patrick van der Smagt and
               Daniel Cremers and
               Thomas Brox},
  title     = {FlowNet: Learning Optical Flow with Convolutional Networks},
  journal   = {CoRR},
  volume    = {abs/1504.06852},
  year      = {2015},
  url       = {http://arxiv.org/abs/1504.06852},
  archivePrefix = {arXiv},
  eprint    = {1504.06852},
  timestamp = {Wed, 07 Jun 2017 14:41:04 +0200},
  biburl    = {http://dblp.org/rec/bib/journals/corr/FischerDIHHGSCB15},
  bibsource = {dblp computer science bibliography, http://dblp.org}
}

@article{DBLP:journals/corr/GodardAB16,
  author    = {Cl{\'{e}}ment Godard and
               Oisin {Mac Aodha} and
               Gabriel J. Brostow},
  title     = {Unsupervised Monocular Depth Estimation with Left-Right Consistency},
  journal   = {CoRR},
  volume    = {abs/1609.03677},
  year      = {2016},
  url       = {http://arxiv.org/abs/1609.03677},
  archivePrefix = {arXiv},
  eprint    = {1609.03677},
  timestamp = {Wed, 07 Jun 2017 14:43:12 +0200},
  biburl    = {http://dblp.org/rec/bib/journals/corr/GodardAB16},
  bibsource = {dblp computer science bibliography, http://dblp.org}
}